@book{goldemberg1972fisica, % Nombre clave
  title={FÃ­sica general y experimental},
  author={Goldemberg, Jose and Herkrath, Juan},
  year={1972},
  publisher={Interamericana}
}
